<?xml version="1.0" encoding="UTF-8"?><record xmlns="http://www.loc.gov/MARC21/slim" xmlns:cinclude="http://apache.org/cocoon/include/1.0" xmlns:zs="http://www.loc.gov/zing/srw/">
  <leader>00883cz  a2200169n  4500</leader>
  <controlfield tag="001">n  83011132 </controlfield>
  <controlfield tag="003">DLC</controlfield>
  <controlfield tag="005">20081224075924.0</controlfield>
  <controlfield tag="008">830503n| acannaabn          |a anc      </controlfield>
  <datafield tag="010" ind1=" " ind2=" ">
    <subfield code="a">n  83011132 </subfield>
  </datafield>
  <datafield tag="035" ind1=" " ind2=" ">
    <subfield code="a">(OCoLC)oca00905719</subfield>
  </datafield>
  <datafield tag="040" ind1=" " ind2=" ">
    <subfield code="a">DLC</subfield>
    <subfield code="b">eng</subfield>
    <subfield code="c">DLC</subfield>
    <subfield code="d">OCoLC</subfield>
  </datafield>
  <datafield tag="110" ind1="2" ind2=" ">
    <subfield code="a">Mogilevskiĭ gosudarstvennyĭ pedagogicheskiĭ institut</subfield>
  </datafield>
  <datafield tag="410" ind1="1" ind2=" ">
    <subfield code="a">Byelorussian S.S.R.</subfield>
    <subfield code="b">Mogilevskiĭ gosudarstvennyĭ pedagogicheskiĭ institut</subfield>
  </datafield>
  <datafield tag="510" ind1="2" ind2=" ">
    <subfield code="w">b</subfield>
    <subfield code="a">Mahili︠o︡ŭski dzi︠a︡rzhaŭny pedahahichny instytut imi︠a︡ A.A. Kuli︠a︡shova</subfield>
  </datafield>
  <datafield tag="670" ind1=" " ind2=" ">
    <subfield code="a">Its Uchenye zapiski, 1955.</subfield>
  </datafield>
  <datafield tag="675" ind1=" " ind2=" ">
    <subfield code="a">Matėryi︠a︡ly da ablasnoha sloŭnika mahili︠o︡ŭshchyny, 1981: t.p. (Mahili︠o︡ŭski dzi︠a︡rzhaŭny pedahahichny instytut imi︠a︡ A.A. Kuli︠a︡shova);</subfield>
    <subfield code="a">Bel. sav. ėnts., 1972: v. 6, p. 512 (Mahili︠o︡ŭski pedahahichny instytut, est. 1918 [no publs. in LC])</subfield>
  </datafield>
</record>